@article{Bernon:2015hsa,
      author         = "Bernon, Jeremy and Dumont, Beranger",
      title          = "{Lilith: a tool for constraining new physics from Higgs
                        measurements}",
      journal        = "Eur. Phys. J.",
      volume         = "C75",
      year           = "2015",
      number         = "9",
      pages          = "440",
      doi            = "10.1140/epjc/s10052-015-3645-9",
      eprint         = "1502.04138",
      archivePrefix  = "arXiv",
      primaryClass   = "hep-ph",
      SLACcitation   = "%%CITATION = ARXIV:1502.04138;%%"
}

@article{Bernon:2014vta,
      author         = "Bernon, Jeremy and Dumont, Beranger and Kraml, Sabine",
      title          = "{Status of Higgs couplings after run 1 of the LHC}",
      journal        = "Phys. Rev.",
      volume         = "D90",
      year           = "2014",
      pages          = "071301",
      doi            = "10.1103/PhysRevD.90.071301",
      eprint         = "1409.1588",
      archivePrefix  = "arXiv",
      primaryClass   = "hep-ph",
      SLACcitation   = "%%CITATION = ARXIV:1409.1588;%%"
}

@inproceedings{Boudjema:2013qla,
      author         = "Boudjema, F. and others",
      title          = "{On the presentation of the LHC Higgs Results}",
      booktitle      = "{Workshop on Likelihoods for the LHC Searches Geneva,
                        Switzerland, January 21-23, 2013}",
      year           = "2013",
      eprint         = "1307.5865",
      archivePrefix  = "arXiv",
      primaryClass   = "hep-ph",
      SLACcitation   = "%%CITATION = ARXIV:1307.5865;%%"
}

@inproceedings{Barlow:2004wg,
      author         = "Barlow, Roger",
      title          = "{Asymmetric statistical errors}",
      booktitle      = "{Statistical Problems in Particle Physics, Astrophysics
                        and Cosmology (PHYSTAT 05): Proceedings, Oxford, UK,
                        September 12-15, 2005}",
      url            = "http://www.physics.ox.ac.uk/phystat05/proceedings/files/wrup1.ps",
      year           = "2004",
      pages          = "56-59",
      eprint         = "physics/0406120",
      archivePrefix  = "arXiv",
      primaryClass   = "physics",
      reportNumber   = "MAN-HEP-04-02",
      SLACcitation   = "%%CITATION = PHYSICS/0406120;%%"
}

@article{Aaboud:2018xdt,
      author         = "Aaboud, Morad and others",
      title          = "{Measurements of Higgs boson properties in the diphoton
                        decay channel with 36 fb$^{-1}$ of $pp$ collision data at
                        $\sqrt{s} = 13$ TeV with the ATLAS detector}",
      collaboration  = "ATLAS",
      journal        = "Phys. Rev.",
      volume         = "D98",
      year           = "2018",
      pages          = "052005",
      doi            = "10.1103/PhysRevD.98.052005",
      eprint         = "1802.04146",
      archivePrefix  = "arXiv",
      primaryClass   = "hep-ex",
      reportNumber   = "ATLAS-HIGG-2016-21, CERN-EP-2017-288",
      note = "\url{https://atlas.web.cern.ch/Atlas/GROUPS/PHYSICS/PAPERS/HIGG-2016-21/}", 
      SLACcitation   = "%%CITATION = ARXIV:1802.04146;%%"
}


@article{Aaboud:2017bja,
      author         = "Aaboud, M. and others",
      title          = "{Search for an invisibly decaying Higgs boson or dark
                        matter candidates produced in association with a $Z$ boson
                        in $pp$ collisions at $\sqrt{s} =$ 13 TeV with the ATLAS
                        detector}",
      collaboration  = "ATLAS",
      journal        = "Phys. Lett.",
      volume         = "B776",
      year           = "2018",
      pages          = "318-337",
      doi            = "10.1016/j.physletb.2017.11.049",
      eprint         = "1708.09624",
      archivePrefix  = "arXiv",
      primaryClass   = "hep-ex",
      reportNumber   = "ATLAS-HIGG-2016-28, CERN-EP-2017-166",
      note = "\url{https://atlas.web.cern.ch/Atlas/GROUPS/PHYSICS/PAPERS/HIGG-2016-28/}", 
      SLACcitation   = "%%CITATION = ARXIV:1708.09624;%%"
}
